% Encoding: UTF-8

@misc{awsVirtualization,
  author       = {{Amazon Web Services}},
  title        = {O que é virtualização?},
  year         = {2024},
  url          = {https://aws.amazon.com/pt/what-is/virtualization},
  note         = {Acesso em: 1 abr. 2025}
}

@Book{Thompson1998,
  author    = {Silvanus Phillips Thompson and Martin Gardner},
  publisher = {St. Martin's Press},
  title     = {{C}alculus made easy},
  year      = {1998},
  address   = {New York},
  isbn      = {9780312185480},
  note      = {Newly Revised, Updated, Expanded, and Annotated for its 1998 edition.},
}

@Book{Graham1994,
  author    = {Ronald L. Graham and Donald E. Knuth and Oren Patashnik},
  publisher = {Addison Wesley},
  title     = {{C}oncrete {M}athematics: {A} {F}oundation for {C}omputer {S}cience},
  year      = {1994},
  address   = {Upper Saddle River},
  edition   = {Second},
  isbn      = {9780201558029},
  url       = {https://www-cs-faculty.stanford.edu/~knuth/gkp.html},
}

@misc{businesswire2022aws,
  author       = {Business Wire},
  title        = {Relatório aponta que empresas brasileiras estão migrando para nuvens públicas como a AWS},
  year         = {2022},
  url          = {https://www.businesswire.com/news/home/20220119005383/pt},
  note         = {Acesso em: 31 mar. 2025},
}

@misc{aws2023vantagens,
  author = {Amazon Web Services},
  title  = {Seis vantagens da computação em nuvem},
  year   = {2023},
  url    = {https://docs.aws.amazon.com/pt_br/whitepapers/latest/aws-overview/six-advantages-of-cloud-computing.html},
}

@misc{google2024limites,            
  author = {Google Cloud},
  title  = {Vantagens e desvantagens da computação em nuvem},
  year   = {2024},
  url    = {https://cloud.google.com/learn/advantages-of-cloud-computing?hl=pt-BR},
}

@misc{nist2011,
  author       = {{National Institute of Standards and Technology}},
  title        = {The NIST Definition of Cloud Computing},
  year         = {2011},
  url          = {https://nvlpubs.nist.gov/nistpubs/legacy/sp/nistspecialpublication800-145.pdf},
  note         = {Acesso em: 1 abr. 2025}
}

@misc{softwareone2024,
  author = {{SoftwareOne}},
  year   = {2024},
  title  = {Estudo inédito revela que 98\% das empresas enfrentam déficit de profissionais com habilidades em nuvem},
  howpublished = {\url{https://abes.com.br/estudo-inedito-revela-que-98-das-empresas-enfrentam-deficit-de-profissionais-com-habilidades-em-nuvem}},
  note = {Acesso em: abr. 2025}
}


@Misc{erecovery,
  author = {E-RECOVERY},
  year = {2022},
  title  = {Computação On-Premise: O Que é, Vantagens, Desvantagens e Recuperação de Dados},
  url    = {https://www.controle.net/faq/computacao-on-premise-servidores-storages-e-rede-local#:~:text=Computação on-premise, também conhecida,e gerenciar seus recursos computacionais.},
}

@Misc{tecnomega2024,
  author       = {{Tecnomega TI}},
  howpublished = {\url{https://tecnomega.com.br/planilha-comparativo-on-premise-vs-cloud-servers/}},
  note         = {Acesso em: 1 abr. 2025},
  title        = {Planilha comparativo On-Premise vs Cloud Servers},
  year         = {2024},
}

@misc{awsdocs2024,
  author = {{Amazon Web Services}},
  title = {Documentação oficial da AWS},
  year = {2024},
  howpublished = {\url{https://docs.aws.amazon.com}},
  note = {Acesso em: 2 abr. 2025}
}

@misc{awswell2023,
  author = {{Amazon Web Services}},
  title = {AWS Well-Architected Framework},
  year = {2023},
  howpublished = {\url{https://docs.aws.amazon.com/wellarchitected/latest/framework/}},
  note = {Acesso em: 2 abr. 2025}
}

@misc{cantrill2023,
  author = {Adrian Cantrill},
  title = {Learn AWS with Adrian Cantrill - Course Catalog},
  year = {2023},
  howpublished = {\url{https://learn.cantrill.io}},
  note = {Acesso em: 2 abr. 2025}
}

@misc{googlecloud2024,
  author = {{Google Cloud}},
  title = {O que é computação em nuvem?},
  year = {2024},
  howpublished = {\url{https://cloud.google.com/learn/what-is-cloud-computing?hl=pt-BR}},
  note = {Acesso em: 2 abr. 2025}
}

@misc{aws2024vpc,
  author    = {{Amazon Web Services}},
  title     = {O que é Amazon VPC?},
  year      = {2024},
  note      = {Disponível em: \url{https://docs.aws.amazon.com/pt_br/vpc/latest/userguide/what-is-amazon-vpc.html}. Acesso em: 17 maio 2025}
}

@misc{aws2024az,
  author = {{Amazon Web Services}},
  year   = {2024},
  title  = {Regiões e Zonas de Disponibilidade},
  howpublished = {\url{https://aws.amazon.com/pt/about-aws/global-infrastructure/regions_az/}},
  note   = {Acesso em: abr. 2025}
}

@misc{aws2024igw,
  author = {{Amazon Web Services}},
  year   = {2024},
  title  = {Gateways de Internet para VPCs},
  howpublished = {\url{https://docs.aws.amazon.com/pt_br/vpc/latest/userguide/VPC_Internet_Gateway.html}},
  note   = {Acesso em: abr. 2025}
}
@misc{aws2024rt,
  author = {{Amazon Web Services}},
  year   = {2024},
  title  = {Tabelas de Rotas para VPCs},
  howpublished = {\url{https://docs.aws.amazon.com/vpc/latest/userguide/VPC_Route_Tables.html}},
  note   = {Acesso em: abr. 2025}
}

@misc{aws2024subnet,
  author = {{Amazon Web Services}},
  year   = {2024},
  title  = {Configurando Sub-redes na VPC},
  howpublished = {\url{https://docs.aws.amazon.com/pt_br/vpc/latest/userguide/configure-subnets.html}},
  note   = {Acesso em: abr. 2025}
}

@misc{redhat2024containers,
  author = {{Red Hat}},
  year   = {2024},
  title  = {O que são contêineres?},
  howpublished = {\url{https://www.redhat.com/pt-br/topics/containers}},
  note   = {Acesso em: abr. 2025}
}

@misc{aws2024nat,
  author = {{Amazon Web Services}},
  year   = {2024},
  title  = {NAT Gateways},
  howpublished = {\url{https://docs.aws.amazon.com/pt_br/vpc/latest/userguide/vpc-nat-gateway.html}},
  note   = {Acesso em: abr. 2025}
}

@misc{lucidchart2024escalabilidade,
  author = {{Lucidchart}},
  year   = {2024},
  title  = {O que é escalabilidade de software e serviços?},
  howpublished = {\url{https://www.lucidchart.com/blog/pt/o-que-e-escalabilidade-de-software-e-servicos}},
  note   = {Acesso em: abr. 2025}
}

@misc{kaspersky2024firewall,
  author = {{Kaspersky}},
  year   = {2024},
  title  = {O que é um firewall?},
  howpublished = {\url{https://www.kaspersky.com.br/resource-center/definitions/firewall}},
  note   = {Acesso em: abr. 2025}
}

@misc{stackexchange2024ephemeralports,
  author = {{StackExchange}},
  year   = {2024},
  title  = {Ephemeral port: What is it and what does it do?},
  howpublished = {\url{https://unix.stackexchange.com/questions/65475/ephemeral-port-what-is-it-and-what-does-it-do}},
  note   = {Acesso em: abr. 2025}
}

@misc{aws2024securitygroups,
  author = {{Amazon Web Services}},
  year   = {2024},
  title  = {Regras de grupos de segurança para instâncias do Amazon EC2},
  howpublished = {\url{https://docs.aws.amazon.com/pt_br/AWSEC2/latest/UserGuide/ec2-security-groups.html}},
  note   = {Acesso em: abr. 2025}
}

@misc{aws2024rds,
  author = {{Amazon Web Services}},
  title  = {Amazon RDS Multi-AZ Deployments},
  year   = {2024},
  url    = {https://aws.amazon.com/rds/features/multi-az/},
  note   = {Acesso em: abr. 2025}
}

@misc{netapp2024ha,
  author = {{NetApp}},
  title  = {Understanding AWS High Availability: Compute, SQL and Storage},
  year   = {2024},
  url    = {https://bluexp.netapp.com/blog/understanding-aws-high-availability-compute-sql-and-storage},
  note   = {Acesso em: abr. 2025}
}

@misc{microsoft2024iac,
  author = {{Microsoft}},
  title  = {O que é infraestrutura como código (IaC)?},
  year   = {2024},
  url    = {https://learn.microsoft.com/pt-br/devops/deliver/what-is-infrastructure-as-code},
  note   = {Acesso em: abr. 2025}
}
@misc{cloudflare2024balancer,
  author = {{Cloudflare}},
  title  = {O que é balanceamento de carga?},
  year   = {2024},
  url    = {https://www.cloudflare.com/pt-br/learning/performance/what-is-load-balancing/},
  note   = {Acesso em: abr. 2025}
}

@misc{aws2024alb,
  author = {{Amazon Web Services}},
  title  = {Elastic Load Balancing – Application Load Balancer},
  year   = {2024},
  howpublished = {\url{https://aws.amazon.com/pt/elasticloadbalancing/application-load-balancer/}},
  note = {Acesso em: abr. 2025}
}
@misc{aws2024targetgroup,
  author = {{Amazon Web Services}},
  title  = {Grupos de destino para Application Load Balancers},
  year   = {2024},
  howpublished = {\url{https://docs.aws.amazon.com/pt_br/elasticloadbalancing/latest/application/load-balancer-target-groups.html}},
  note = {Acesso em: abr. 2025}
}

@misc{aws2024cloudformation,
  author = {{Amazon Web Services}},
  title  = {CloudFormation},
  year   = {2024},
  howpublished = {\url{https://docs.aws.amazon.com/pt_br/AWSCloudFormation/latest/UserGuide/Welcome.html}},
  note = {Acesso em: abr. 2025}
}

@misc{oracle2024topologia,
  author       = {Oracle},
  title        = {Exemplo de topologia de rede: sub-redes públicas e privadas},
  year         = {2024},
  url          = {https://docs.oracle.com/pt-br/iaas/Content/Network/Tasks/scenarioc.htm},
  urldate      = {2025-05-29},
  note         = {Oracle Cloud Infrastructure}
}

@misc{fortinet2024firewall,
  author       = {Fortinet},
  title        = {Firewall com estado (stateful) vs. firewall sem estado (stateless)},
  year         = {2024},
  url          = {https://www.fortinet.com/br/resources/cyberglossary/stateful-vs-stateless-firewall},
  urldate      = {2025-05-29},
  note         = {Fortinet Cyber Glossary}
}

@misc{google2024cloudnat,
  author       = {Google Cloud},
  title        = {Visão geral do Cloud NAT},
  year         = {2024},
  url          = {https://cloud.google.com/nat/docs/overview?hl=pt-br},
  urldate      = {2025-05-29},
  note         = {Google Cloud Documentation}
}

@misc{cloudflare2024vpc,
  author       = {Cloudflare},
  title        = {O que é uma nuvem privada virtual (VPC)?},
  year         = {2024},
  url          = {https://www.cloudflare.com/pt-br/learning/cloud/what-is-a-virtual-private-cloud/},
  urldate      = {2025-05-29},
  note         = {Cloudflare Learning Center}
}

@misc{techtarget2024regions,
  author       = {TechTarget},
  title        = {Entenda a diferença entre AWS Regions e Availability Zones},
  year         = {2024},
  url          = {https://www-techtarget-com.translate.goog/searchcloudcomputing/tip/Understand-AWS-Regions-vs-Availability-Zones?_x_tr_sl=en&_x_tr_tl=pt&_x_tr_hl=pt&_x_tr_pto=tc},
  urldate      = {2025-05-29},
  note         = {TechTarget - SearchCloudComputing}
}

@misc{akamai2024internetgateway,
  author       = {Akamai},
  title        = {O que é um Secure Internet Gateway?},
  year         = {2024},
  url          = {https://www.akamai.com/pt/glossary/what-is-a-secure-internet-gateway},
  urldate      = {2025-05-29},
  note         = {Akamai Glossary}
}

@misc{kaspersky2024cookies,
  author = {{Kaspersky}},
  title  = {O que são cookies?},
  year   = {2024},
  howpublished = {\url{https://www.kaspersky.com.br/resource-center/definitions/cookies}},
  note   = {Acesso em: abr. 2025}
}

@misc{marques2024iamrole,
  author = {Marques, Hugo},
  title  = {AWS de Dev pra Dev – Credentials e acesso programático (Parte 2)},
  year   = {2024},
  howpublished = {\url{https://dev.to/hugaomarques/aws-de-dev-pra-dev-credentials-e-acesso-programatico-parte-2-4kbk}},
  note   = {Acesso em: abr. 2025}
}

@misc{awsendpoint,
  author = {Amazon Web Services},
  title = {Endpoints de gateway para o Amazon S3},
  year = {2025},
  howpublished = {\url{https://docs.aws.amazon.com/pt_br/vpc/latest/privatelink/vpc-endpoints-s3.html}},
  note = {Acessado em: set. 2025}
}

@Comment{jabref-meta: databaseType:bibtex;}
